% !Mode:: "TeX:UTF-8"
@article{徐俊刚2004生产调度理论和方法研究综述,
  title={生产调度理论和方法研究综述},
  author={徐俊刚 and 戴国忠 and 王宏安},
  journal={计算机研究与发展},
  volume={41},
  number={2},
  pages={257--267},
  year={2004}
}

@inproceedings{1998distributed,
  title={Distributed scheduling of an assembly shop},
  author={Tharumarajah, A and Bemelman, R and Welgama, P and Wells, A},
  booktitle={Systems, Man, and Cybernetics, 1998. 1998 IEEE International Conference on},
  volume={1},
  pages={433--438},
  year={1998},
  organization={IEEE}
}

@article{Lin2012473,
title = "A case study of batch scheduling for an assembly shop ",
journal = "International Journal of Production Economics ",
volume = "139",
number = "2",
pages = "473 -- 483",
year = "2012",
note = "Compassionate Operations ",
issn = "0925-5273",
doi = "http://dx.doi.org/10.1016/j.ijpe.2012.05.002",
url = "http://www.sciencedirect.com/science/article/pii/S0925527312001752",
author = "Rock Lin and Ching-Jong Liao",
keywords = "Mixed integer programming",
keywords = "Job dividing",
keywords = "Batch processing",
keywords = "Family scheduling",
keywords = "Lower bound "
}


@book{pinedo,
  title={Scheduling: theory, algorithms, and systems},
  author={Pinedo Michael},
  year={2002},
  publisher={Springer},
  edition={2nd},
  pages={2--5}
}

@article{yokoyama2001hybrid,
  title={Hybrid flow shop scheduling with assembly operations},
  author={Yokoyama, Masao},
  journal={International Journal of Production Economics},
  volume={73},
  number={2},
  pages={103--116},
  year={2001},
  publisher={Elsevier}
}





